% This file was used for Peizun Liu's thesis proposal
% Encoding: UTF8

@inproceedings{CubaWebsite,
  author    = {Peizun Liu and
               Thomas Wahl},
  title           = {http://www.ccs.neu.edu/home/lpzun/cuba/},
  year            = {2018}
}

@inproceedings{AHH13,
  author    = {A. Parosh Abdulla and Fr{\'e}d{\'e}ric Haziza and Luk{\'a}\v{s} Hol{\'i}k},
  title     = {All for the Price of Few (Parameterized Verification through View Abstraction)},
  booktitle = {VMCAI},
  year      = {2013},
  pages     = {476--495},
  isbn      = {978-3-642-35872-2},
}

@Inbook{ABH08,
author     = {Atig, Mohamed Faouzi and Bollig, Benedikt and Habermehl, Peter},
title      = {Emptiness of Multi-pushdown Automata Is 2ETIME-Complete},
booktitle  = {Proceedings of the 12th International Conference on Developments in Language Theory},
series     = {DLT'08},
year       = {2008},
isbn       = {978-3-540-85780-8},
pages      = {121--133},
publisher  = {Springer-Verlag},
address    ={Berlin, Heidelberg}
}

@inproceedings{ABQ09,
  author    = {Mohamed Faouzi Atig and Ahmed Bouajjani and Shaz Qadeer},
  title     = {Context-Bounded Analysis for Concurrent Programs with Dynamic Creation
               of Threads},
  booktitle = {TACAS},
  pages     = {107--123},
  year      = {2009}
}

@article{B05,
  author     = {Jesse D. Bingham},
  title      = {A New Approach to Upward-Closed Set Backward Reachability Analysis},
  journal    = {Electr. Notes Theor. Comput. Sci.},
  year       = {2005},
  volume     = {138},
  pages      = {37-48},
  number     = {3},
  bibsource  = {DBLP, http://dblp.uni-trier.de},
  ee         = {http://dx.doi.org/10.1016/j.entcs.2005.01.045}
}

@InProceedings{BCCZ99,
author="Biere, Armin and Cimatti, Alessandro and Clarke, Edmund and Zhu, Yunshan",
title="Symbolic Model Checking without BDDs",
booktitle="TACAS",
year="1999",
pages="193--207"
}

@article{BCCSZ03,
 author = {Armin Biere and Alessandro Cimatti and Edmund M. Clarke and Ofer Strichman and Yunshan Zhu},
 title = {Bounded Model Checking},
 journal  = {Advances in Computers},
 volume   = {58},
 number   = {11},
 year     = {2003},
 pages    = {117--148}
}

@InProceedings{RG05,
author   = "Rabinovitz, Ishai and Grumberg, Orna",
title    = "Bounded Model Checking of Concurrent Programs",
booktitle= "CAV",
year     = "2005",
pages    = "82--97",
isbn     = "978-3-540-31686-2"
}


@inproceedings{BCGZ11,
author   = {Bollig, Benedikt and Cyriac, Aiswarya and Gastin, Paul and Zeitoun, Marc},
title    = {Temporal Logics for Concurrent Recursive Programs: Satisfiability and Model Checking},
bookTitle= {MFCS},
year     = {2011},
pages    = {132--144},
ee       = {https://doi.org/10.1007/978-3-642-22993-0_15}
}

@inproceedings{BGH09,
 author = {Bollig, Benedikt and Grindei, Manuela-Lidia and Habermehl, Peter},
 title = {Realizability of Concurrent Recursive Programs},
 booktitle = {FOSSACS},
 year = {2009},
 pages = {410--424},
 numpages = {15},
 ee = {http://dx.doi.org/10.1007/978-3-642-00596-1_29}
 }

@inproceedings{K0SWW11,
 author = {Kroening, Daniel and Ouaknine, Jo\"{e}l and Strichman, Ofer and Wahl, Thomas and Worrell, James},
 title = {Linear Completeness Thresholds for Bounded Model Checking},
 booktitle = {CAV},
 year = {2011},
 isbn = {978-3-642-22109-5},
 pages = {557--572},
 numpages = {16},
 ee = {http://dl.acm.org/citation.cfm?id=2032305.2032349}
}

@article{BKM17,
 author   = {Bollig, Benedikt and Kuske, Dietrich and Mennicke, Roy},
 title    = {The Complexity of Model Checking Multi-Stack Systems},
 journal  = {Theor. Comp. Sys.},
 volume   = {60},
 number   = {4},
 year     = {2017},
 issn     = {1432-4350},
 pages    = {695--736},
 ee       = {10.1007/s00224-016-9700-6}
}  

@inproceedings{BEP11,
 author     = {Bouajjani, Ahmed and Emmi, Michael and Parlato, Gennaro},
 title      = {On Sequentializing Concurrent Programs},
 booktitle  = {SAS},
 year       = {2011},
 pages      = {129--145},
 numpages   = {17},
 ee         = {http://dl.acm.org/citation.cfm?id=2041552.2041565}
} 

@inproceedings{BEM97,
author    = "Bouajjani, Ahmed and Esparza, Javier and Maler, Oded",
title     = "Reachability analysis of pushdown automata: Application to model-checking",
bookTitle = "CONCUR",
year      = "1997",
pages     = "135--150",
ee        = "10.1007/3-540-63141-0_10"
}

@inproceedings{BESS05,
 author     = {Bouajjani, Ahmed and Esparza, Javier and Schwoon, Stefan and Strej\v{c}ek, Jan},
 title      = {Reachability Analysis of Multithreaded Software with Asynchronous Communication},
 booktitle  = {FSTTCS},
 year       = {2005},
 pages      = {348--359},
 numpages   = {12},
 ee = {http://dx.doi.org/10.1007/11590156_28}
}

@inproceedings{BFQ07,
 author     = {Bouajjani, Ahmed and Fratani, S{\'e}verine and Qadeer, Shaz},
 title      = {Context-bounded Analysis of Multithreaded Programs with Dynamic Linked Structures},
 booktitle  = {CAV},
 year       = {2007},
 pages      = {207--220},
 numpages   = {14},
 ee         = {http://dl.acm.org/citation.cfm?id=1770351.1770383}
}

@inproceedings{MQ07,
 author = {Musuvathi, Madanlal and Qadeer, Shaz},
 title = {Iterative Context Bounding for Systematic Testing of Multithreaded Programs},
 booktitle = {PLDI},
 year = {2007},
 isbn = {978-1-59593-633-2},
 pages = {446--455},
 numpages = {10},
 ee = {10.1145/1250734.1250785}
}

@inproceedings{BMT05,
 author     = {Bouajjani, Ahmed and M\"{u}ller-Olm, Markus and Touili, Tayssir},
 title      = {Regular Symbolic Analysis of Dynamic Networks of Pushdown Systems},
 booktitle  = {CONCUR},
 year       = {2005},
 pages      = {473--487},
 numpages   = {15},
 ee         = {http://dx.doi.org/10.1007/11539452_36}
}

@article{BCCR96,
author     = {Breveglieri, Luca and Cherubini, Alessandra and Citrini, Claudio and Reghizzi, Stefano Crespi},
Title      = {Multi-Pushdown Languages and Grammars},
journal    = {Int. J. Found. Comput. Sci.},
volume     = {07},
number     = {03},
pages      = {253-291},
year       = {1996}
}

@inproceedings{CCKRT06,
 author    = {Chaki, S. and Clarke, E. and Kidd, N. and Reps, T. and Touili, T.},
 title     = {Verifying Concurrent Message-passing C Programs with Recursive Calls},
 booktitle = {TACAS},
 year      = {2006},
 pages     = {334--349},
 numpages  = {16},
 ee        = {http://dx.doi.org/10.1007/11691372_22}
}

@inproceedings{EK00,
  author    = {Emerson, E.Allen and Kahlon, Vineet},
  title     = {Reducing Model Checking of the Many to the Few},
  booktitle = {CADE},
  year      = {2000},
  volume    = {1831},
  pages     = {236-254},
}

@inproceedings{EQR11,
  author    = {Michael Emmi and Shaz Qadeer and Zvonimir Rakamaric},
  title     = {Delay-bounded scheduling},
  booktitle = {POPL},
  pages     = {411--422},
  year      = {2011},
  ee        = {http://doi.acm.org/10.1145/1926385.1926432}
}

@article{EGM16,
 author     = {Esparza, Javier and Ganty, Pierre and Majumdar, Rupak},
 title      = {Parameterized Verification of Asynchronous Shared-Memory Systems},
 journal    = {J. ACM},
 volume     = {63},
 number     = {1},
 month      = feb,
 year       = {2016},
 pages      = {10:1--10:48},
 articleno  = {10},
 numpages   = {48},
 ee         = {http://doi.acm.org/10.1145/2842603}
}

@article{FWW97,
  author    = {Alain Finkel and Bernard Willems and Pierre Wolper},
  title     = {A Direct Symbolic Approach to Model Checking Pushdown Systems},
  journal   = {Elec. Not. Theor. Comput. Sci.},
  volume    = {9},
  pages     = {27--37},
  year      = {1997},
  issn      = {1571-0661},
  ee        = {http://dx.doi.org/10.1016/S1571-0661(05)80426-8}
}

@inproceedings{GHR10,
  author    = {Naghmeh Ghafari and Alan J. Hu and Zvonimir Rakamaric},
  title     = {Context-Bounded Translations for Concurrent Software: An Empirical
               Evaluation},
  booktitle = {SPIN},
  pages     = {227--244},
  year      = {2010},
  ee        = {http://dx.doi.org/10.1007/978-3-642-16164-3_17}
}

@inproceedings{KG07,
  author    = {Kahlon, Vineet and Gupta, Aarti},
  title     = {On the Analysis of Interacting Pushdown Systems},
  booktitle = {POPL},
  year      = {2007},
  pages     = {303--314},
  numpages  = {12},
  ee        = {http://doi.acm.org/10.1145/1190216.1190262}
} 

@inproceedings{KIG05,
  author    = {Vineet Kahlon and Franjo Ivancic and Aarti Gupta},
  title     = {Reasoning About Threads Communicating via Locks},
  booktitle = {CAV},
  year      = {2005},
  pages     = {505-518},
  bibsource = {DBLP, http://dblp.uni-trier.de},
  ee        = {http://dx.doi.org/10.1007/11513988_49}
}

@inproceedings{KKW10,
  author    = {Kaiser, Alexander and Kroening, Daniel and Wahl, Thomas},
  title     = {Dynamic cutoff detection in parameterized concurrent programs},
  booktitle = {CAV},
  year      = {2010},
  pages     = {645--659},
  acmid     = {2144380},
  isbn      = {3-642-14294-X, 978-3-642-14294-9},
  location  = {Edinburgh, UK},
  numpages  = {15},
  timestamp = {2013.07.26}
}

@article{Koenig27,
  author  = {D\'enes K\"onig},
  title   = {\emph{\"Uber eine Schlussweise aus dem Endlichen ins Unendliche} (in German)},
  journal = {Acta Sci. Math. (Szeged)},
  volume  = {3(2-3)},
  pages   = {121-130},
  year    = {1927}
}

@article{KL80,
 author   = {Kung, H. T. and Lehman, Philip L.},
 title    = {Concurrent Manipulation of Binary Search Trees},
 journal  = {ACM Trans. Database Syst.},
 volume   = {5},
 number   = {3},
 month    = sep,
 year     = {1980},
 pages    = {354--382},
 numpages = {29},
 ee       = {10.1145/320613.320619}
}

@inproceedings{LMP07,
 author     = {La Torre, Salvatore and Madhusudan, Parthasarathy and Parlato, Gennaro},
 title      = {A Robust Class of Context-Sensitive Languages},
 booktitle  = {LICS},
 year       = {2007},
 isbn       = {0-7695-2908-9},
 pages      = {161--170},
 numpages   = {10},
 ee         = {http://dx.doi.org/10.1109/LICS.2007.9}
} 

@inproceedings{LMP08,
 author     = {La Torre, Salvatore and Madhusudan, Parthasarathy and Parlato, Gennaro},
 title      = {Context-bounded Analysis of Concurrent Queue Systems},
 booktitle  = {TACAS},
 year       = {2008},
 pages      = {299--314},
 numpages   = {16},
 ee         = {http://dl.acm.org/citation.cfm?id=1792734.1792762}
}

@inproceedings{LMP09a,
  author    = {La Torre, Salvatore and Madhusudan, Parthasarathy and Parlato, Gennaro},
  title     = {Reducing Context-Bounded Concurrent Reachability to Sequential Reachability},
  booktitle = {CAV},
  pages     = {477--492},
  year      = {2009},
  ee        = {http://dx.doi.org/10.1007/978-3-642-02658-4_36}
}

@inproceedings{LMP10,
 author     = {La Torre, Salvatore and Madhusudan, Parthasarathy and Parlato, Gennaro},
 title      = {Model-Checking Parameterized Concurrent Programs Using Linear Interfaces},
 booktitle  = {CAV},
 year       = {2010},
 pages      = {629--644},
 numpages   = {16},
 ee         = {http://dx.doi.org/10.1007/978-3-642-14295-6_54}
}

@inproceedings{LN11,
 author = {La Torre, Salvatore and Napoli, Margherita},
 title = {Reachability of Multistack Pushdown Systems with Scope-bounded Matching Relations},
 booktitle = {CONCUR},
 year = {2011},
 pages = {203--218},
 numpages = {16},
 ee = {http://dl.acm.org/citation.cfm?id=2040235.2040253}
}

@inproceedings{LMP09,
 author    = {La Torre, Salvatore and Parthasarathy, Madhusudan and Parlato, Gennaro},
 title     = {Analyzing Recursive Programs Using a Fixed-point Calculus},
 booktitle = {PLDI},
 year      = {2009},
 isbn      = {978-1-60558-392-1},
 pages     = {211--222},
 numpages  = {12},
 ee        = {http://doi.acm.org/10.1145/1542476.1542500}
}

@article{LR09,
  author    = {Akash Lal and Thomas W. Reps},
  title     = {Reducing Concurrent Analysis under a Context Bound to Sequential Analysis},
  journal   = {Formal Methods in System Design},
  volume    = {35},
  number    = {1},
  pages     = {73--97},
  year      = {2009},
  ee        = {http://dx.doi.org/10.1007/s10703-009-0078-9}
}

@inproceedings{LTKR08,
 author     = {Lal, Akash and Touili, Tayssir and Kidd, Nicholas and Reps, Thomas},
 title      = {Interprocedural Analysis of Concurrent Programs Under a Context Bound},
 booktitle  = {TACAS},
 year       = {2008},
 pages      = {282--298},
 numpages   = {17},
 ee         = {http://dl.acm.org/citation.cfm?id=1792734.1792761}
}

@inproceedings{LPSZ08,
  author    = {Shan Lu and
               Soyeon Park and
               Eunsoo Seo and
               Yuanyuan Zhou},
  title     = {Learning from mistakes: a comprehensive study on real world
               concurrency bug characteristics},
  booktitle = {ASPLOS},
  pages     = {329-339},
  year      = {2008}
}

@inproceedings{MSW17,
  author     = "Muscholl, Anca and Seidl, Helmut and Walukiewicz, Igor",
  title      = "Reachability for Dynamic Parametric Processes",
  bookTitle  = "VMCAI",
  year       = "2017",
  pages      = "424--441",
  ee         = "http://dx.doi.org/10.1007/978-3-319-52234-0_23"
}

@inproceedings{NFLP15,
  author    = {Nguyen, Truc L. and Fischer, Bernd and La Torre, Salvatore and Parlato, Gennaro},
  title     = {Unbounded Lazy-CSeq: A Lazy Sequentialization Tool for {C} Programs with Unbounded Context Switches},
  year      = {2015},
  booktitle = {TACAS},
  pages     = {461-463},
  volume    = {9035},
  isbn      = {978-3-662-46680-3},
  ee       = {10.1007/978-3-662-46681-0_45}
}

@inproceedings{NFLP16,
author      = {Nguyen, Truc L.
               and Fischer, Bernd
               and La Torre, Salvatore
               and Parlato, Gennaro},
title       = {Lazy Sequentialization for the Safety Verification of Unbounded Concurrent Programs},
bookTitle   = {ATVA},
year        = {2016},
pages       = {174--191},
ee          = {http://dx.doi.org/10.1007/978-3-319-46520-3_12}
}

@techreport{PRLK11,
  author      = {Prathmesh Prabhu and Thomas Reps and Akash Lal and Nicholas Kidd},
  title       = {Verifying Concurrent Programs via Bounded Context-Switching and Induction},
  institution = {Computer Sciences Department, University of Wisconsin, Madison, WI},
  number      = {TR-1701},
  year        = {2011}
}

@inproceedings{QRR04,
 author = {Qadeer, Shaz and Rajamani, Sriram K. and Rehof, Jakob},
 title = {Summarizing Procedures in Concurrent Programs},
 booktitle = {POPL},
 year = {2004},
 pages = {245--255},
 numpages = {11},
 ee = {http://doi.acm.org/10.1145/964001.964022}
}

@inproceedings{QR05,
  author    = {Shaz Qadeer and Jakob Rehof},
  title     = {Context-Bounded Model Checking of Concurrent Software},
  booktitle = {TACAS},
  pages     = {93--107},
  year      = {2005},
  ee        = {http://dx.doi.org/10.1007/978-3-540-31980-1_7}
}

@inproceedings{QW04,
  author    = {Shaz Qadeer and Dinghao Wu},
  title     = {{KISS:} {Keep} it Simple and Sequential},
  booktitle = {PLDI},
  year      = {2004},
  pages     = {14--24},
  ee        = {http://doi.acm.org/10.1145/996841.996845}
}

@article{R00,
 author    = {Ramalingam, G.},
 title     = {Context-sensitive Synchronization-sensitive Analysis is Undecidable},
 journal   = {ACM Trans. Program. Lang. Syst.},
 volume    = {22},
 number    = {2},
  year     = {2000},
 issn      = {0164-0925},
 pages     = {416--430},
 numpages  = {15},
 ee        = {http://doi.acm.org/10.1145/349214.349241}
}

@inproceedings{SES08,
 author     = {Suwimonteerabuth, Dejvuth and Esparza, Javier and Schwoon, Stefan},
 title      = {Symbolic Context-Bounded Analysis of Multithreaded {Java} Programs},
 booktitle  = {SPIN},
 year       = {2008},
 pages      = {270--287},
 numpages   = {18},
 ee         = {http://dx.doi.org/10.1007/978-3-540-85114-1_19}
}

@article{S00,
  author    = {Stefan Schwoon},
  title     = {Model-Checking Pushdown Systems},
  journal   = {PhD thesis {Lehrstuhl f\"{u}r Informatik VII der Technischen Universit\"at M\"unchen}},
  year      = {2000}
}

@article{LNP16,
author      = {Torre, Salvatore La and Napoli, Margherita and Parlato, Gennaro},
title       = {Scope-Bounded Pushdown Languages},
journal     = {Int. J. Found. Comput. Sci.},
volume      = {27},
number      = {02},
pages       = {215-233},
year        = {2016}
}

@inproceedings{HW12,
 author    = {Hague, Matthew and Lin, Anthony Widjaja},
 title     = {Synchronisation- and Reversal-bounded Analysis of Multithreaded Programs with Counters},
 booktitle = {CAV},
 year      = {2012},
 isbn      = {978-3-642-31423-0},
 location  = {Berkeley, CA},
 pages     = {260--276},
 numpages  = {17},
 ee = {http://dx.doi.org/10.1007/978-3-642-31424-7_22n}
}

@book{CLRS09,
 author    = {Cormen, Thomas H. and Leiserson, Charles E. and Rivest, Ronald L. and Stein, Clifford},
 title     = {Introduction to Algorithms, Third Edition},
 year      = {2009},
 isbn      = {0262033844, 9780262033848},
 edition   = {3rd},
 publisher = {The MIT Press},
}

@inproceedings{HJ03,
 author    = {Hofmann, Martin and Jost, Steffen},
 title     = {Static Prediction of Heap Space Usage for First-order Functional Programs},
 booktitle = {POPL},
 year      = {2003},
 isbn      = {1-58113-628-5},
 pages     = {185--197},
 numpages  = {13}
}

@article{HAH12,
 author = {Hoffmann, Jan and Aehlig, Klaus and Hofmann, Martin},
 title = {Multivariate Amortized Resource Analysis},
 journal = {ACM Trans. Program. Lang. Syst.},
 volume = {34},
 number = {3},
 year = {2012},
 issn = {0164-0925},
 pages = {14:1--14:62},
 articleno = {14},
 numpages = {62},
 ee = {http://doi.acm.org/10.1145/2362389.2362393},
 doi = {10.1145/2362389.2362393}
}

@inproceedings{NCH18,
  author    = {Van Chan Ngo and
               Quentin Carbonneaux and
               Jan Hoffmann},
  title     = {Bounded Expectations: Resource Analysis for Probabilistic Programs},
  booktitle = {PLDI},
  year      = {2018}
}

@inproceedings{LW18,
  author    = {Peizun Liu and
               Thomas Wahl},
  title     = {{CUBA}: Interprocedural Context-UnBounded Analysis of Concurrent Programs},
  booktitle = {PLDI},
  year      = {2018}
}
@article{LW18TR,
  author    = {Peizun Liu and
               Thomas Wahl},
  title     = {CUBA: Interprocedural Context-UnBounded Analysis of Concurrent Programs (Extended Manuscript)},
  journal   = {CoRR},
  volume    = {abs/1804.04766},
  year      = {2018},
  pages    = {1--16},
  ee       = {http://arxiv.org/abs/1804.04766},
}

@inproceedings{HDW17,
 author = {Hoffmann, Jan and Das, Ankush and Weng, Shu-Chun},
 title = {Towards Automatic Resource Bound Analysis for OCaml},
 booktitle = {POPL},
 year = {2017},
 isbn = {978-1-4503-4660-3},
 pages = {359--373},
 numpages = {15},
 ee = {http://doi.acm.org/10.1145/3009837.3009842}
 }

@inproceedings{HH10,
 author = {Hoffmann, Jan and Hofmann, Martin},
 title = {Amortized Resource Analysis with Polynomial Potential: A Static Inference of Polynomial Bounds for Functional Programs},
 booktitle = {ESOP},
 year = {2010},
 isbn = {3-642-11956-5, 978-3-642-11956-9},
 pages = {287--306},
 numpages = {20},
 ee = {http://dx.doi.org/10.1007/978-3-642-11957-6_16},
 doi = {10.1007/978-3-642-11957-6_16}
}

@inproceedings{C09,
 author = {Campbell, Brian},
 title = {Amortised Memory Analysis Using the Depth of Data Structures},
 booktitle = {ESOP},
 year = {2009},
 isbn = {978-3-642-00589-3},
 pages = {190--204},
 numpages = {15},
 ee = {http://dx.doi.org/10.1007/978-3-642-00590-9_14}
}

@inproceedings{HR13,
 author = {Hofmann, Martin and Rodriguez, Dulma},
 title = {Automatic Type Inference for Amortised Heap-space Analysis},
 booktitle = {ESOP},
 year = {2013},
 isbn = {978-3-642-37035-9},
 pages = {593--613},
 numpages = {21}
}

@inproceedings{CBGGH17,
 author = {\c{C}i\c{c}ek, Ezgi and Barthe, Gilles and Gaboardi, Marco and Garg, Deepak and Hoffmann, Jan},
 title = {Relational Cost Analysis},
 booktitle = {POPL},
 year = {2017},
 isbn = {978-1-4503-4660-3},
 pages = {316--329},
 numpages = {14}
}

@inproceedings{G01,
 author = {Grobauer, Bernd},
 title = {Cost Recurrences for DML Programs},
 booktitle = {ICFP},
 year = {2001},
 isbn = {1-58113-415-0},
 pages = {253--264},
 numpages = {12}
}

@inproceedings{KBBR17,
 author = {Kincaid, Zachary and Breck, Jason and Boroujeni, Ashkan Forouhi and Reps, Thomas},
 title = {Compositional Recurrence Analysis Revisited},
 booktitle = {PLDI},
 year = {2017},
 isbn = {978-1-4503-4988-8},
 pages = {248--262},
 numpages = {15}
}

@inproceedings{MKK17,
 author = {Madhavan, Ravichandhran and Kulal, Sumith and Kuncak, Viktor},
 title = {Contract-based Resource Verification for Higher-order Functions with Memoization},
 booktitle = {POPL},
 year = {2017},
 isbn = {978-1-4503-4660-3},
 pages = {330--343},
 numpages = {14}
}

@inproceedings{AG10,
author="Atkey, Robert",
editor="Gordon, Andrew D.",
title="Amortised Resource Analysis with Separation Logic",
booktitle="ESOP",
year="2010",
pages="85--103",
isbn="978-3-642-11957-6"
}

@Article{N18,
author  ="Nipkow, Tobias and Brinkop, Hauke",
title="Amortized Complexity Verified",
journal="Journal of Automated Reasoning",
year="2018",
month="Mar",
pages="1-25"
}

@article{DEGM17,
 author = {Durand-Gasselin, Antoine and Esparza, Javier and Ganty, Pierre and Majumdar, Rupak},
 title = {Model Checking Parameterized Asynchronous Shared-memory Systems},
 journal = {Form. Methods Syst. Des.},
 volume = {50},
 number = {2-3},
 month = jun,
 year = {2017},
 issn = {0925-9856},
 pages = {140--167},
 numpages = {28},
 ee = {10.1007/s10703-016-0258-3}
} 

@inproceedings{DGJQRZ13,
 author = {Desai, Ankush and Gupta, Vivek and Jackson, Ethan and Qadeer, Shaz and Rajamani, Sriram and Zufferey, Damien},
 title = {P: Safe Asynchronous Event-driven Programming},
 booktitle = {PLDI},
 year = {2013},
 isbn = {978-1-4503-2014-6},
 location = {Seattle, Washington, USA},
 pages = {321--332},
 numpages = {12},
 eeurl = {http://doi.acm.org/10.1145/2491956.2462184},
 eedoi = {10.1145/2491956.2462184}
} 

@inproceedings{BEJQ18,
 author = {Bouajjani, Ahmed and Enea, Constantin and Kailiang, Ji and Qadeer, Shaz},
 title = {On the Completeness of Verifying Message Passing Programs under Bounded Asynchrony},
 booktitle = {CAV},
 year = {2018}
}

@article{BE14,
 author = {Bouajjani, Ahmed and Emmi, Michael},
 title = {Bounded Phase Analysis of Message-passing Programs},
 journal = {Int. J. Softw. Tools Technol. Transf.},
 volume = {16},
 number = {2},
 month = apr,
 year = {2014},
 issn = {1433-2779},
 pages = {127--146},
 numpages = {20}
}

@inproceedings{FG05,
 author = {Flanagan, Cormac and Godefroid, Patrice},
 title = {Dynamic Partial-order Reduction for Model Checking Software},
 booktitle = {POPL},
 year = {2005},
 isbn = {1-58113-830-X},
 pages = {110--121},
 numpages = {12},
 ee1 = {http://doi.acm.org/10.1145/1040305.1040315},
 ee2 = {10.1145/1040305.1040315}
}

@inproceedings{DGM14,
 author = {Desai, Ankush and Garg, Pranav and Madhusudan, P.},
 title = {Natural Proofs for Asynchronous Programs Using Almost-synchronous Reductions},
 booktitle = {OOPSLA},
 year = {2014},
 isbn = {978-1-4503-2585-1},
 pages = {709--725},
 numpages = {17},
 eel = {http://doi.acm.org/10.1145/2660193.2660211},
 eei = {10.1145/2660193.2660211}
} 

@article{BZ83,
 author = {Brand, Daniel and Zafiropulo, Pitro},
 title = {On Communicating Finite-State Machines},
 journal = {J. ACM},
 volume = {30},
 number = {2},
 month = apr,
 year = {1983},
 issn = {0004-5411},
 pages = {323--342},
 numpages = {20},
 eel = {http://doi.acm.org/10.1145/322374.322380},
 eei = {10.1145/322374.322380}
} 

